@Misc{astrores,
   author = {Alberto Accomazzi and Miguel Albrecht and Allan Brighton and
             Pierre Fernique and Damien Guillaume and Robert Hanisch and
             Fran\c{c}ois Ochsenbein and Patricio Ortiz and
             Marc Wenger and Andreas Wicenec},
   title = {{Describing Astronomical Catalogues and Query Results with XML}},
   year = {2001},
   month = {jan},
   url = {http://vizier.u-strasbg.fr/vizier/doc/astrores.htx}
}

@ARTICLE{2014A&C.....7...52E,
       author = {{Erard}, S. and {Cecconi}, B. and {Le Sidaner}, P. and {Berthier}, J. and {Henry}, F. and {Molinaro}, M. and {Giardino}, M. and {Bourrel}, N. and {Andr{\'e}}, N. and {Gangloff}, M. and {Jacquey}, C. and {Topf}, F.},
        title = "{The EPN-TAP protocol for the Planetary Science Virtual Observatory}",
      journal = {Astronomy and Computing},
     keywords = {Virtual Observatory, Planetary Science, Solar System, Data services, Standards, Astrophysics - Instrumentation and Methods for Astrophysics},
         year = 2014,
        month = nov,
       volume = {7},
        pages = {52-61},
          doi = {10.1016/j.ascom.2014.07.008},
archivePrefix = {arXiv},
       eprint = {1407.5738},
 primaryClass = {astro-ph.IM},
       adsurl = {https://ui.adsabs.harvard.edu/abs/2014A&C.....7...52E},
      adsnote = {Provided by the SAO/NASA Astrophysics Data System}
}